@book{ball,
  title={Critical Mass},
  author={Philip Ball},
  isbn={978-0-374-53041-9},
  year={2004},
  publisher={Farrar, Straus and Giroux}
}  

@book{goon,
  title={Fundamentals of Statistics. Vol. I.},
  author={Goon, A.M., Gupta, M.K. and Dasgupta, B},
  year={1983},
  publisher={TheWorld Press}
}  

@book{gupta,
  title={Fundamentals of Mathematical Statistics},
  author={Gupta, S.C. and Kapoor, V.K.},
  year={1997},
  publisher={Sulthan Chand
Publications, New Delhi}
}  

@book{coc,
  title={Experimental Designs. 2nd Ed.},
  author={ Cochran, W.G. and Cox, G.M.},
  year={1957},
  publisher={ John Wiley }
}  

@book{dean,
  title={ Design and Analysis of Experiments},
  author={ Dean, A.M. and Voss, D.},
  year={1999},
  publisher={ Springer}
}  

@book{ fed,
  title={ Experimental Designs },
  author={ Federer, W.T. },
  year={1985},
  publisher={ MacMillan}
}  

@book{gomez,
  title={STATISTICAL PROCEDURES 
FOR AGRICULTURAL RESEARCH-second edition},
  author={ Gomez, K.A. and Gomez, A.A. },
  year={1984},
  publisher={JOHN WILEY & SONS}
}  

@article{hurlbert,
  title={Pseudoreplication and the design of ecological field experiments.},
  author={Hurlbert, S. H.},
  year={1984},
  journal = {Ecological 
monographs (54)},
  pages = {187,211},
}  

@article{kwtref,
  title     = {Use of Ranks in One-Criterion Variance Analysis},
  author    = {Kruskal, William H. and Wallis, W. Allen},
  journal   = {Journal of the American Statistical Association},
  volume    = {47},
  number    = {260},
  pages     = {583--621},
  year      = {1952},
  publisher = {Taylor \& Francis, Ltd.},
  doi       = {10.2307/2280779},
  url       = {https://www.jstor.org/stable/2280779}
}  

@article{dunn1964,
  title={Multiple comparisons using rank sums},
  author={Dunn, Olive Jean},
  journal={Technometrics},
  volume={6},
  number={3},
  pages={241--252},
  year={1964},
  publisher={Taylor \& Francis},
  doi={10.1080/00401706.1964.10490181},
  url={https://doi.org/10.1080/00401706.1964.10490181}
}  

@Manual{agricolae,
  title        = {agricolae: Statistical Procedures for Agricultural Research},
  author       = {de Mendiburu, F.},
  year         = {2020},
  note         = {R package version 1.3-5},
  url          = {https://cran.r-project.org/package=agricolae}
}










